@misc{eigeninfo,
    author = "Eigen Website",
    title = "Overview",
    year = "2014",
    howpublished ="\url{http://eigen.tuxfamily.org/index.php?title=Main_Page#Overview}"
}

@article{market,
	author = "Markets \& Makets",
	title = "Indoor location market [indoor positioning and in- door navigation (IPIN); indoor mapping; indoor LBS; indoor analytics; by positioning systems (network-based, independent, hybrid)]",
	journal = "Global advancements, market forecasts and analysis",
	year = "(2013 - 2018)"
}

@misc{qrversions,
	author = "Denso Wave",
    title = "Versions",
    year = "2014",
	howpublished = "\url{http://www.qrcode.com/en/about/version.html}"
}

@misc{qrerror,
	author = "Denso Wave",
    title = "Error Correction",
    year = "2014",
	howpublished = "\url{http://www.qrcode.com/en/about/error_correction.html}"
}

@misc{pseyecompr,
	author = "Sony Entertainment",
	title = "PLAYSTATION®Eye Brings Next-Generation Communication to PLAYSTATION®3",
	year = "April 26, 2007",	
	howpublished = "\url{http://us.playstation.com/News/PressReleases/396}"
}

@article{wifiimprecise,
	author = "P. Pivato and S. Dalpez and D. Macii",
	title="Performance evaluation of chirp spread spectrum ranging for indoor embedded navigation system",
	journal = "Proc. IEEE Int. Symposium on Industrial Embedded Systems (SIES)",
	year = "2012",
	month = "June",
	pages = "307--310"
}


